@misc{Dodson2016,
author = {Dodson, Rob},
keywords = {WebComponents},
mendeley-tags = {WebComponents},
title = {{The Case for Custom Elements: Part 2 – Dev Channel – Medium}},
url = {https://medium.com/dev-channel/the-case-for-custom-elements-part-2-2efe42ce9133{\#}.gl5nuty2r},
urldate = {2016-12-01},
year = {2016}
}
@inbook{Baldwin2006,
address = {Berlin, Heidelberg},
author = {Baldwin, Carliss Y and Clark, Kim B},
booktitle = {Complex Engineered Systems: Science Meets Technology},
doi = {10.1007/3-540-32834-3_9},
editor = {Braha, Dan and Minai, Ali A and Bar-Yam, Yaneer},
isbn = {978-3-540-32834-6},
pages = {175--205},
publisher = {Springer Berlin Heidelberg},
title = {{Modularity in the Design of Complex Engineering Systems}},
url = {http://dx.doi.org/10.1007/3-540-32834-3{\_}9},
year = {2006}
}
@book{Baldwin2000,
author = {Baldwin, Carliss Young and Clark, Kim B},
publisher = {MIT press},
title = {{Design rules: The power of modularity}},
volume = {1},
year = {2000}
}
@article{Berner2016,
author = {Berner, David},
title = {{Not An Imposter: Fighting Front-End Fatigue}},
url = {https://www.smashingmagazine.com/2016/11/not-an-imposter-fighting-front-end-fatigue/},
year = {2016}
}
@article{Filloux2016,
author = {Filloux, Frederic},
keywords = {bloat html},
title = {{Bloated HTML, the best and the worse}},
url = {https://mondaynote.com/bloated-html-the-best-and-the-worse-cac6eb06496d},
year = {2016}
}
@article{Katz2013,
author = {Katz, Yehuda},
title = {{Extend the Web Forward}},
url = {http://yehudakatz.com/2013/05/21/extend-the-web-forward/},
year = {2013}
}
@article{Keith2014,
author = {Keith, Jeremy},
title = {{Web Components}},
url = {https://adactio.com/journal/7431},
year = {2014}
}
@article{Leithead2015,
author = {Leithead, Travis and Eicholz, Arron},
title = {{Bringing componentization to the web: An overview of Web Components}},
url = {https://blogs.windows.com/msedgedev/2015/07/14/bringing-componentization-to-the-web-an-overview-of-web-components},
year = {2015}
}
@article{Walton2016,
author = {Walton, Philip},
title = {{Houdini: Maybe The Most Exciting Development In CSS You've Never Heard Of}},
url = {https://www.smashingmagazine.com/2016/03/houdini-maybe-the-most-exciting-development-in-css-youve-never-heard-of},
year = {2016}
}
